@INPROCEEDINGS{6520712, 
author={Y. Zhao and B. Lehman and R. Ball and J. Mosesian and J. de Palma}, 
booktitle={2013 Twenty-Eighth Annual IEEE Applied Power Electronics Conference and Exposition (APEC)}, 
title={Outlier detection rules for fault detection in solar photovoltaic arrays}, 
year={2013}, 
volume={}, 
number={}, 
pages={2913-2920}, 
keywords={fault currents;fault diagnosis;overcurrent protection;photovoltaic power systems;power generation faults;power generation protection;power generation reliability;power system measurement;power utilisation;solar power stations;outlier detection rule;solar photovoltaic array;power source;overcurrent protection device;PV operation monitoring;fault detection;fault current;instantaneous PV string current;3-sigma rule;Hampel identifier;Boxplot rule;weather measurement;PV measurement;Circuit faults;Fault detection;Contamination;Inverters;Impedance;Fuses;Fault diagnosis}, 
doi={10.1109/APEC.2013.6520712}, 
ISSN={1048-2334}, 
month={March},}
